<?xml version="1.0" encoding="UTF-8"?><collection xmlns="http://www.loc.gov/MARC21/slim"><record><leader>00426nam--2200157-i-4500</leader><controlfield tag="001">000015449</controlfield><controlfield tag="002">20161230</controlfield><controlfield tag="005">20170115222106</controlfield><controlfield tag="008">060222s1000------------r-----000-0-eng-d</controlfield><datafield ind1=" " ind2=" " tag="080"><subfield code="a">543.51(O61.3)</subfield></datafield><datafield ind1=" " ind2=" " tag="245"><subfield code="a">Current topics in mass spectrometry and chemical kinetics. Proceedings......</subfield></datafield><datafield ind1=" " ind2=" " tag="260"><subfield code="a">London</subfield><subfield code="b">Heyden</subfield><subfield code="c">1982</subfield></datafield><datafield ind1=" " ind2=" " tag="300"><subfield code="a">XII + 153 p</subfield></datafield><datafield ind1=" " ind2=" " tag="700"><subfield code="a">Beynon, J. M</subfield></datafield><datafield ind1=" " ind2=" " tag="852"><subfield code="a">72464</subfield></datafield><datafield ind1=" " ind2=" " tag="CAT"><subfield code="a">SYS</subfield><subfield code="c">20170115</subfield><subfield code="h">222106</subfield></datafield></record></collection>